<record><leader>00000cas a22000007a 4500</leader><controlfield tag="001">13459774</controlfield><controlfield tag="008">860421d191u19uumtuwr ne      0    0eng d</controlfield><datafield ind1=" " ind2=" " tag="010"><subfield code="a">sn 86075110 </subfield></datafield><datafield ind1=" " ind2=" " tag="040"><subfield code="a">MTL</subfield><subfield code="b">eng</subfield><subfield code="c">MTL</subfield><subfield code="d">OCLCQ</subfield></datafield><datafield ind1=" " ind2=" " tag="042"><subfield code="a">msc</subfield></datafield><datafield ind1="0" ind2="0" tag="245"><subfield code="a">Huntley journal.</subfield></datafield><datafield ind1=" " ind2=" " tag="260"><subfield code="a">Huntley, Mont. :</subfield><subfield code="b">G.M. Calkin</subfield></datafield><datafield ind1=" " ind2=" " tag="300"><subfield code="a">v. :</subfield><subfield code="b">ill.</subfield></datafield><datafield ind1=" " ind2=" " tag="310"><subfield code="a">Weekly</subfield></datafield><datafield ind1=" " ind2=" " tag="580"><subfield code="a">Merged with: Pompeys Pillar rock [non-extant], to form: Yellowstone.</subfield></datafield><datafield ind1=" " ind2=" " tag="588"><subfield code="a">Description based on: Vol. 1, no. 3 (May 3, 1912).</subfield></datafield><datafield ind1=" " ind2=" " tag="752"><subfield code="a">United States</subfield><subfield code="b">Montana</subfield><subfield code="c">Yellowstone</subfield><subfield code="d">Huntley.</subfield></datafield><datafield ind1="1" ind2="7" tag="785"><subfield code="t">Pompeys Pillar rock</subfield></datafield><datafield ind1="1" ind2="7" tag="785"><subfield code="t">Yellowstone</subfield><subfield code="w">(DLC)sn 86075111</subfield></datafield><datafield ind1="1" ind2=" " tag="029"><subfield code="a">AU@</subfield><subfield code="b">000025802001</subfield></datafield></record>